
@article{sun,
  title={Approximate bayesian computation},
  author={Sunn{\aa}ker, Mikael and Busetto, Alberto Giovanni and Numminen, Elina and Corander, Jukka and Foll, Matthieu and Dessimoz, Christophe},
  journal={PLoS computational biology},
  volume={9},
  number={1},
  pages={e1002803},
  year={2013},
  publisher={Public Library of Science}
}


@article{hartig,
  title={Statistical inference for stochastic simulation models--theory and application},
  author={Hartig, Florian and Calabrese, Justin M and Reineking, Bj{\"o}rn and Wiegand, Thorsten and Huth, Andreas},
  journal={Ecology letters},
  volume={14},
  number={8},
  pages={816--827},
  year={2011},
  publisher={Wiley Online Library}
}


@article{lenormand,
  title={Adaptive approximate Bayesian computation for complex models},
  author={Lenormand, Maxime and Jabot, Franck and Deffuant, Guillaume},
  journal={Computational Statistics},
  volume={28},
  number={6},
  pages={2777--2796},
  year={2013},
  publisher={Springer}
}

@article{weiss,
  title={The SIR model and the foundations of public health},
  author={Weiss, Howard Howie},
  journal={Materials matematics},
  pages={0001--17},
  year={2013}
}


@article{siminf,
  title={SimInf: An R package for Data-driven Stochastic Disease Spread Simulations},
  author={Widgren, Stefan and Bauer, Pavol and Engblom, Stefan},
  journal={arXiv preprint arXiv:1605.01421},
  year={2016}
}


@article{lint,
  title={Fundamentals and recent developments in approximate Bayesian computation},
  author={Lintusaari, Jarno and Gutmann, Michael U and Dutta, Ritabrata and Kaski, Samuel and Corander, Jukka},
  journal={Systematic biology},
  volume={66},
  number={1},
  pages={e66--e82},
  year={2017},
  publisher={Oxford University Press}
}

@article{Vanni,
  title={Calibrating models in economic evaluation},
  author={Vanni, Tazio and Karnon, Jonathan and Madan, Jason and White, Richard G and Edmunds, W John and Foss, Anna M and Legood, Rosa},
  journal={Pharmacoeconomics},
  volume={29},
  number={1},
  pages={35--49},
  year={2011},
  publisher={Springer}
}

@article{Stout,
  title={Calibration methods used in cancer simulation models and suggested reporting guidelines},
  author={Stout, Natasha K and Knudsen, Amy B and Kong, Chung Yin and McMahon, Pamela M and Gazelle, G Scott},
  journal={Pharmacoeconomics},
  volume={27},
  number={7},
  pages={533--545},
  year={2009},
  publisher={Springer}
}

@inproceedings{Fojo,
  title={Mathematical modeling of “chronic” infectious diseases: unpacking the black box},
  author={Fojo, Anthony T and Kendall, Emily A and Kasaie, Parastu and Shrestha, Sourya and Louis, Thomas A and Dowdy, David W},
  booktitle={Open forum infectious diseases},
  volume={4},
  number={4},
  pages={ofx172},
  year={2017},
  organization={Oxford University Press US}
}

@article{Elske,
  title={Calibration and evaluation of individual-based models using Approximate Bayesian Computation},
  author={van der Vaart, Elske and Beaumont, Mark A and Johnston, Alice SA and Sibly, Richard M},
  journal={Ecological Modelling},
  volume={312},
  pages={182--190},
  year={2015},
  publisher={Elsevier}
}

@article{Karnon,
  title={Calibrating models in economic evaluation},
  author={Vanni, Tazio and Karnon, Jonathan and Madan, Jason and White, Richard G and Edmunds, W John and Foss, Anna M and Legood, Rosa},
  journal={Pharmacoeconomics},
  volume={29},
  number={1},
  pages={35--49},
  year={2011},
  publisher={Springer}
}

@article{Mckinley,
  title={Approximate bayesian computation and simulation-based inference for complex stochastic epidemic models},
  author={McKinley, Trevelyan J and Vernon, Ian and Andrianakis, Ioannis and McCreesh, Nicky and Oakley, Jeremy E and Nsubuga, Rebecca N and Goldstein, Michael and White, Richard G and others},
  journal={Statistical science},
  volume={33},
  number={1},
  pages={4--18},
  year={2018},
  publisher={Institute of Mathematical Statistics}
}

@article{Minter,
  title={Approximate Bayesian Computation for infectious disease modelling},
  author={Minter, Amanda and Retkute, Renata},
  journal={Epidemics},
  volume={29},
  pages={100368},
  year={2019},
  publisher={Elsevier}
}

@article{Menzies,
  title={Bayesian methods for calibrating health policy models: a tutorial},
  author={Menzies, Nicolas A and Soeteman, Dj{\o}ra I and Pandya, Ankur and Kim, Jane J},
  journal={PharmacoEconomics},
  volume={35},
  number={6},
  pages={613--624},
  year={2017},
  publisher={Springer}
}

@article{kennedy,
  title={Bayesian calibration of computer models},
  author={Kennedy, Marc C and O'Hagan, Anthony},
  journal={Journal of the Royal Statistical Society: Series B (Statistical Methodology)},
  volume={63},
  number={3},
  pages={425--464},
  year={2001},
  publisher={Wiley Online Library}
}

@incollection{Dahabreh,
  title={A review of validation and calibration methods for health care modeling and simulation},
  author={Dahabreh, Issa J and Chan, Jeffrey A and Earley, Amy and Moorthy, Denish and Avendano, Esther E and Trikalinos, Thomas A and Balk, Ethan M and Wong, John B},
  booktitle={Modeling and Simulation in the Context of Health Technology Assessment: Review of Existing Guidance, Future Research Needs, and Validity Assessment [Internet]},
  year={2017},
  publisher={Agency for Healthcare Research and Quality (US)}
}

@article{Hazelbag,
  title={Calibration of individual-based models to epidemiological data: a systematic review},
  author={Hazelbag, C Marijn and Dushoff, Jonathan and Dominic, Emanuel M and Mthombothi, Zinhle E and Delva, Wim},
  journal={medRxiv},
  pages={19006056},
  year={2019},
  publisher={Cold Spring Harbor Laboratory Press}
}