@article{Chen,
author = "W. Y. Chen",
title = "A general bijective algorithm for trees",
journal= "Proc. Nati. Acad. Sci. USA",
volume = "\textbf{87}",
pages = "9635-9639",
year = "1990",
}
@Book{drmota,
author = "M. Drmota ",
title = "{R}andom Trees: An Interplay between Combinatorics and Probability",
publisher = "Springer-Verlag/Wein",
year = "2009",
}
@Book{stanley,
author = "R. P. Stanley ",
title = "Enumerative Combinatorics. Vol. 2, \emph{volume 62 of} Cambridge Studies in Advanced Mathematics",
publisher = "Cambridge University Press, Cambridge",
year = "1999",
}
@Book{comtet,
author = "L. Comtet ",
title = "{A}dvanced Combinatorics: The Art of Finite and Infinite Expansions",
publisher = "D. Reidel Publishing Company",
year = "1974",
}
@Book{Diestel,
author = "R. Diestel ",
title = "{G}raph Theory, \emph{vol. 173 of} Graduate Texts in Mathematics, 3rd ed.",
publisher = "Springer-Verlag, Berlin",
year = "2005",
}
@Book{Graham,
author = "R. L. Graham and D. E. Knuth and O. Patashnik ",
title = "Concrete Mathematics",
publisher = "Addison-Wesley Publishing Company",
year = "1990",
}
@article{DuYin,
author = "R. R. X. Du and  J. Yin",
title = "Counting labelled trees with a given indegree sequence",
journal= "J. Combin. Theory, Ser. A",
volume = "\textbf{117}(3)",
pages = "345 - 353",
year = "2010",
}
@article{Onodera,
author = "R. Onodera",
title = " Number of trees in the complete N-partite graph",
journal= "RAAG Res. Notes",
volume = "\textbf{3} No. 192",
pages = "i+6 ",
year = "1973",
}
@article{Scoins,
author = "H. I. Scoins",
title = " The number of trees with nodes of alternate parity",
journal= "Proc. Cambridge Philos. Soc.",
volume = "\textbf{58}",
pages = "72--76 ",
year = "1962",
}
@article{Joyal,
author = "A. Joyal",
title = " Une th\'{e}orie combinatoire des s\'{e}ries formelles
",
journal= "Adv. Math.",
volume = "\textbf{42}",
pages = "1--82 ",
year = "1981",
}
@article{Polya1,
author = "G. P\'{o}lya",
title = "Kombinatorische Anzahlbestimmungen f{\"{u}}r Gruppen, Graphen und chemische
Verbindungen
",
journal= "Acta Math.",
volume = "\textbf{68}",
pages = "145-- 254 ",
year = "1937",
}
@Book{Polya2,
author = "G. P\'{o}lya and R. C. Read",
title = "Combinatorial Enumeration of Groups, Graphs and Chemical
Compounds
",
publisher = "Springer-Verlag, New York, Berlin",
year = "1987",
}
@Book{Evans,
author = "G. Evans and J. Blackledge and P. Yardley",
title = "Analytic Methods for Partial Differential Equations
",
publisher = "Springer",
year = "2000",
}
@Book{Goulden,
author = "I. P. Goulden and D. M. Jackson",
title = "Combinatorial Enumeration",
publisher = "John-Wiley \& Sons",
year = "1983",
}
@article{Fac,
author = "J. L. Martin and V. Reiner",
title = "Factorization of some weighted spanning tree enumerators",
journal= "J. Combin. Theory, Ser. A",
volume = "\textbf{104}(2)",
pages = "287-300",
year = "2003",
}
@article{ShinZen,
author = "H. Shin and J. Zeng",
title = "A bijective enumeration of labelled trees with given indegree sequence",
journal= "J. Combin. Theory, Ser. A",
volume = "\textbf{118}(1)",
pages = "115-128",
year = "2011",
}
@article{Remmel,
author = "J. B. Remmel and  S. G. Williamson",
title = "Spanning trees and function classes",
journal= "Electron. J. Combin.",
volume = "\textbf{9}(1)",
pages = "229-233",
year = "2002",
}
@article{Bor,
author = "C. W. Borchardt",
title = "Ueber eine der Interpolation entsprechende Darstellung der Eliminations-Resultante",
journal= "J. reine angew. Math.",
volume = "\textbf{57}",
pages = "111-121",
year = "1860",
}
@article{Cot,
author = "E. Cotterill",
title = "Geometry of curves with exceptional secant planes: linear series along the general curve ",
journal= "Math. Z.",
volume = "\textbf{267}(3-4)",
pages = "549-582",
year = "2011",
}
@article{Moon,
author = "J. W. Moon",
title = "Counting labelled trees",
journal= "Canadian Mathematical Congress",
volume = "\textbf{1}",
year = "1970",
}
@Book{JMoon,
author = "J. W. Moon",
title = "Counting {L}abelled {T}rees",
publisher = "Lectures Delivered to the Twelfth Biennial Seminar of the Canadian Mathematical Congress (Vancouver, 1969), Canandian Mathematical Monographs, No. 1",
year = "1970",
}
@article{Ege1,
author = " {\"{O}}. E\u{g}ecio\u{g}lu and J. B. Remmel",
title = "Bijections for Cayley Trees, Spanning Trees, and their q-Analogues",
journal= "J. Combin. Theory, Ser. A",
volume = "\textbf{42}",
issue = "1",
pages = "15-30",
year = "1986",
}
@article{Ege2,
author = " {\"{O}}. E\u{g}ecio\u{g}lu and J. B. Remmel",
title = "A bijection for spanning trees of complete multipartite graphs",
journal= "Congress Numerantium",
volume = "\textbf{100}",
pages = "225-243",
year = "1994",
}
@article{owino,
author = "I. O. Okoth and S. Wagner",
title = " Counting labelled trees by sources, sinks and indegree sequences",
journal= "To be submitted ",
volume = "\textbf{0}",
pages = "0-0",
year = "2014",
}
@article{owino2,
author = "I. O. Okoth and S. Wagner",
title = "Number of reachable vertices in locally oriented trees",
journal= "To be submitted ",
volume = "\textbf{0}",
pages = "0-0",
year = "2014",
}
@article{Cedric,
author = "C. Chauve and S. Dulucq and A. Rochnitzer ",
title = "Enumerating alternating trees",
journal= "J. Combin. Theory, Ser. A",
volume = "\textbf{94}",
pages = "142-151",
year = "2001",
}
@article{Post,
author = "A. Postnikov",
title = "Intransitive Trees",
journal= "J. Combin. Theory, Ser. A",
volume = "\textbf{79}",
issue = "2",
pages = "360--366",
year = "1997",
}
@article{wagner,
author = "S. Wagner",
title = "Labeled trees, functions, and an algebraic identity",
journal= "Electron. J. Combin. ",
volume = "\textbf{18}",
year = "2011",
}
@article{swagner,
author = "S. Wagner",
title = "On the average Wiener index of degree-restricted trees",
journal= "Australas. J. ",
volume = "\textbf{37}:187",
year = " 2007",
}
@PhdThesis{warme,
author = {D. M. Warme},
title = {Spanning Trees in Hypergraphs with Applications to Steiner Trees},
school = {University of Virginia},
year = {1998},
}

@UNPUBLISHED{sloane,
  AUTHOR ="N. J. A. Sloane",
  TITLE	="The {O}n-{L}ine {E}ncyclopedia of {I}nteger {S}equences {(OEIS)}",
  NOTE="{Available online at \href{http://oeis.org}{http://oeis.org}}",
}

@article{Milan,
  AUTHOR ="M. Janji\'{c}",
  TITLE	="Enumerative formulae for Some Functions on Finite Sets",
  NOTE="{Available online at \href{http://www.pmfbl.org/janjic/enumfun.pdf}{http://www.pmfbl.org/janjic/enumfun.pdf}}",
}

@article{Goupil,
 author ="F. B\'{e}dard and A. Goupil",
 title	="The poset of conjugacy classes and decomposition of products in the symmetric group",
 journal="Canad. Math. Bull.",
 year={1992},
 volume={\textbf{35}},
 number={5},
 pages={152--160},
}
@Book{martin,
author = "M. Aigner and G. M. Ziegler ",
title = "Proofs from THE BOOK",
publisher = "Springer-Verlag / Berlin / Heidelberg",
volume = "\textbf{4}",
year = "2010",
}
@article{Seo,
  title={On the enumeration of rooted trees with fixed size of maximal decreasing trees},
  author={S. Seo and H. Shin},
  journal={Discrete Math.},
  volume={\textbf{312}},
  number={2},
  pages={419--426},
  year={2012},
  publisher={Elsevier}
}
@article{Kim,
  title={Bijections on rooted trees with fixed size of maximal decreasing subtrees},
  author={J. S. Kim},
  journal={Ann. Combin.},
  pages={339--352},
  year={2013},
}
@inproceedings{Serge,
  title={Enumeration of some labelled trees},
  author={C. Chauve and S. Dulucq and O. Guibert},
  booktitle={Formal Power Series and Algebraic Combinatorics},
  pages={146--157},
  year={2000},
  organization={Springer}
}
@article{Longani,
title = "A formula for the number of labelled trees",
journal = "Comp. Math. Appl.",
volume = "\textbf{56}",
number = "11",
pages = "2786 - 2788",
year = "2008",
author = "V. Longani",
}
@article{Teufl,
title = " {T}he {N}umber of {S}panning {T}rees in {S}elf-{S}imilar {G}raphs",
journal = "Ann. Combin. ",
volume = "\textbf{15}",
pages = "355--380",
year = "2011",
author = "E. Teufl and S. Wagner",
}
@article{Goulden2,
title = "The {C}ombinatorial {R}elationship {B}etween {T}rees, {C}acti and {C}ertain {C}onnection {C}oefficients for the {S}ymmetric {G}roup",
journal = "European  J. Combin. ",
volume = "\textbf{13}",
number = "5",
pages = "357 -- 365",
year = "1992",
author = "I. P. Goulden and D. M. Jackson",
}
@article{Eden,
title = "Remark on a theorem of {D}\'{e}nes",
journal = "A. Magyar Tudom{\'{a}}nyos Akad{\'{e}}mia Matemaikai Kutat{\'{o}} Int{\'{e}}zet{\'{e}}nek K{\"{u}}zlem{\'{e}}nyei",
volume = "\textbf{7}",
pages = "353--355",
year = "1962",
author = "M. Eden and M. P. Sch{\"{u}}tzenberger",
}
@article{Denes,
title = " The representation of a permutation as the product of a minimal number of transpositions and its connection with the theory of graphs",
journal = "A. Magyar Tudom{\'{a}}nyos Akad{\'{e}}mia Matemaikai Kutat{\'{o}} Int{\'{e}}zet{\'{e}}nek K{\"{u}}zlem{\'{e}}nyei",
volume = "\textbf{4}",
pages = "63 -- 70",
year = "1959",
author = "J. D\'{e}nes",
}
@article{Moszkowski,
title = "A {S}olution to a {P}roblem of {D}\'{e}nes: a {B}ijection {B}etween {T}rees and
  {F}actorizations of {C}yclic  {P}ermutations",
journal = "European  J. Combin. ",
volume = "\textbf{10}",
number = "",
pages = "13 -- 16",
year = "1989",
author = " P. Moszkowski",
}
@article{Pepper,
title = "Labelled trees and factorizations of a cycle into transpositions",
journal = "Discrete Math.",
volume = "\textbf{113}",
number = "",
pages = "253 -- 268",
year = "1993",
author = " I. P. Goulden and S. Pepper",
}
@article{Muller,
title = "Decomposition numbers for finite coxeter groups and generalised non-crossing partitions",
journal = "Transactions of the American Mathematical Society",
volume = "\textbf{5}",
number = "362",
pages = "2723--2787",
year = "2009",
author = " C. Krattenthaler and T. W. M{\"{u}}ller",
}
@article{Bona,
title = "Enumeration of $m$-ary cacti",
journal = " Adv. Appl. Math.",
volume = "\textbf{24}",
number = "1",
pages = "22--56",
year = "2000",
author = "M. B{\'{o}}na and  M. Bousquet and G. Labelle and P. Leroux",
}
@article{Chottin1,
title = "Une d{\'{e}}monstration combinatoire de la formule de Lagrange {\`{a}} deux variables",
journal = " Discrete Math.",
volume = "\textbf{13}",
number = "3",
pages = "215--224",
year = "1975",
author = "L. Chottin",
}
@article{Chottin2,
title = "{\'{E}}num\'{e}ration d'abres et formules d'inversion de s\'{e}ries formelles",
journal = "J. Combin. Theory, Ser. B",
volume = "\textbf{31}",
number = "1",
pages = "23--45",
year = "1981",
author = "L. Chottin and R. Cori",
}
@Book{Labelle,
author = "F. Bergeron and G. Labelle and P. Leroux",
title = "Combinatorial species and tree-like structures",
publisher = "Enc. of Math. and its Appl., Camb. Univ. Press",
volume = "",
year = "1997",
}
@article{DuLiu,
year={2014},
issn={0911-0119},
journal={Graphs and Combinatorics},
doi={10.1007/s00373-013-1404-y},
title={Factorizations of Cycles and Multi-Noded Rooted Trees},
url={http://dx.doi.org/10.1007/s00373-013-1404-y},
publisher={Springer Japan},
keywords={Hurwitz number; Multi-noded rooted tree; Factorization graph; 05A15},
author={Du, R. R. X. and Liu, F.},
pages={1-25},
language={English}
}
@article{owino3,
author = "I. O. Okoth and S. Wagner",
title = "{Connected cycle-free set partitions, Husimi graphs and cacti}",
journal= "To be submitted ",
volume = "\textbf{0}",
pages = "0-0",
year = "2015",
}
@article{Cayley,
author = "A. Cayley",
title = "A theorem on trees",
journal= "Quart. J. Math.",
volume = "\textbf{23}",
pages = " 376--378",
year = "1889",
}
@article{Springer,
author = "C. Springer",
title = "Factorizations, Trees, and Cacti",
journal= "Proceedings of the Eighth International
Conference on Formal Power Series and Algebraic Combinatorics (FPSAC)",
volume = "University of
Minnesota, \textbf{23}",
pages = "  427--438",
year = "1996",
}
@article{Leroux,
author = {Leroux, P.},
journal = {Electron. J. Combin.},
number = {1},
title = {Enumerative problems inspired by {M}ayer's theory of cluster integrals.},
volume = "\textbf{11}",
year = {2004},
}
@Book{Mayer,
author = "J. E. Mayer",
title = "Equilibrium Statistical Mechanics: The international encyclopedia of physical chemistry and chemical physics",
publisher = "Pergamon Press, Oxford",
volume = "",
year = "1968",
}
@ARTICLE{Husimi,
   author = {{Husimi}, K.},
    title = "{Note on Mayers' Theory of Cluster Integrals}",
  journal = {J. Chem. Phys.},
     year = 1950,
   volume = "\textbf{18}",
    pages = {682--684},
      doi = {10.1063/1.1747725},
}
@ARTICLE{Harary2,
   author = {F. Harary and G. E. Uhlenbeck},
    title = "{On the number of Husimi trees}",
  journal = { Proc. Nat. Aca. Sci.},
     year = 1953,
   volume = "\textbf{39}",
    pages = {315--322},
}
@ARTICLE{Ford,
   author = {G. W. Ford and G. E. Uhlenbeck},
    title = "{Combinatorial Problems in the Theory of Graphs, I}",
  journal = { Proc. Nat. Acad. Sciences},
     year = 1956,
   volume = "\textbf{42}",
    pages = {122--128},
}

@article{Rodica,
title = "{Noncrossing partitions} ",
journal = "{Discrete Math.} ",
volume = "\textbf{217}",
number = "1--3",
pages = "367-- 409",
year = "2000",
author = "R. Simion"
}
@ARTICLE{Zaks,
author={Dershowitz, N. and Zaks, S.},
title={Enumerations of ordered trees},
journal={Discrete Math.},
year={1980},
volume={\textbf{31}},
number={1},
pages={9--28},
}

@ARTICLE{Edelman,
author={Edelman, P. H.},
title={Chain enumeration and non-crossing partitions},
journal={Discrete Math.},
year={1980},
volume={\textbf{31}},
number={2},
pages={171--180},
}

@ARTICLE{Kreweras,
author={Kreweras, G.},
title={Sur les partitions non croisees d'un cycle},
journal={Discrete Math.},
year={1972},
volume={\textbf{1}},
number={4},
pages={333--350},
}

@ARTICLE{Prodinger,
author={Prodinger, H.},
title={A correspondence between ordered trees and noncrossing partitions},
journal={Discrete Math.},
year={1983},
volume={\textbf{46}},
number={2},
pages={205--206},
}

@ARTICLE{Prufer,
author={Pr{\"{u}}fer, H.},
title={Neuer Beweis eines Satzes {\"{u}}ber Permutationen},
journal={Archiv der Math.
u. Physik},
year={1918},
volume={\textbf{3}},
number={47},
pages={142--144},
}

@ARTICLE{Pitman,
author={Pitman, J.},
title={Coalescent random forests},
journal={J. Combin. Theory, Ser. A},
year={1999},
volume={\textbf{85}},
pages={165--193},
}

@article{Sylvester,
author = "J. J. Sylvester",
title = "On the change of systems of independent variables",
journal= "Quart. J. Math.",
volume = "\textbf{1}",
pages = " 126--134",
year = "1857",
}

@article{Tzanaki,
title = "Polygon dissections and some generalizations of cluster complexes",
journal = "J.  Combin. Theory, Ser. A ",
volume = "\textbf{113}",
number = "6",
pages = "1189 -- 1198",
year = "2006",
note = "",
author = "E. Tzanaki",
}

@article{Przytycki,
title = "{Polygon Dissections and Euler, Fuss, Kirkman, and Cayley Numbers}",
journal = "J. Combin. Theory, Ser. A ",
volume = "\textbf{92}",
number = "1",
pages = "68 - 76",
year = "2000",
note = "",
author = "J. H. Przytycki and A. S. Sikora"
}

@article{Noy,
title = "Enumeration of noncrossing trees on a circle ",
journal = "Discrete Math. ",
volume = "\textbf{180}",
number = "1-3",
pages = "301--313",
year = "1998",
note = "",
author = "M. Noy"
}

@article{Flajolet1999203,
title = "{Analytic combinatorics of non-crossing configurations}",
journal = "Discrete Math.",
volume = "\textbf{204}",
number = "1-3",
pages = "203 -- 229",
year = "1999",
author = "P. Flajolet and M. Noy"
}

@article{Deutsch200275,
title = "Statistics on non-crossing trees ",
journal = "Discrete Math. ",
volume = "\textbf{254}",
number = "1--3",
pages = "75 -- 87",
year = "2002",
note = "",
author = "E. Deutsch and M. Noy",
}

@article{Cigler1987261,
title = "Some Remarks on Catalan Families ",
journal = "European  J. Combin. ",
volume = "\textbf{8}",
number = "3",
pages = "261 - 267",
year = "1987",
note = "",
author = "J. Cigler"
}

@article{Panholzer,
 author = {Panholzer, A. and Prodinger, H.},
 title = {Bijection for Ternary Trees and Non-crossing Trees},
 journal = {Discrete Math.},
 volume = {\textbf{250}},
 number = {1-3},
 month = may,
 year = {2002},
 pages = {181--195},
}

@article{Penaud,
 author = {Dulucq, S. and Penaud, J.},
 title = {Cordes, arbres et permutations},
 journal = {Discrete Math.},
 volume = {\textbf{117}},
 number = {1-3},
 year = {1993},
 pages = {89--105},
} 

@book{Armstrong,
  title={Generalized noncrossing partitions and combinatorics of Coxeter groups},
  author={Armstrong, D.},
  volume={202},
  number={949},
  year={2009},
  publisher={American Mathematical Society}
}
@article{Sabrina,
year={2013},
issn={0911-0119},
journal={Graphs Combin.},
volume={\textbf{29}},
number={1},
title={{A} {R}efinement of {L}eaves on {N}oncrossing {T}rees},
publisher={Springer Japan},
author={Pang, S. X. M. and Lv, L.},
pages={131--143}
}
@article{Asinowski20081262,
title = "Dyck paths with coloured ascents ",
journal = "European J.  Combin. ",
volume = "\textbf{29}",
number = "5",
pages = "1262 - 1279",
year = "2008",
author = "A. Asinowski and T. Mansour",
}
@book{Wilf,
 author = {Wilf, H. S.},
 title = {Generatingfunctionology},
 year = {2006},
 isbn = {1568812795},
 publisher = {A. K. Peters, Ltd.},
 address = {Natick, MA, USA},
} 